<mx:record xmlns="http://www.w3.org/TR/xhtml1/strict" xmlns:mx="http://www.loc.gov/MARC21/slim" xmlns:xsi="http://www.w3.org/2001/XMLSchema-instance"><mx:leader>00000nz   2200000n  4500</mx:leader><mx:controlfield tag="001">oca05351782 </mx:controlfield><mx:controlfield tag="005">20001109070032.0</mx:controlfield><mx:controlfield tag="008">001108n| acannaab           |a aaa     c</mx:controlfield><mx:datafield ind1=" " ind2=" " tag="010"><mx:subfield code="a">no 00091664</mx:subfield></mx:datafield><mx:datafield ind1=" " ind2=" " tag="040"><mx:subfield code="a">RPB</mx:subfield><mx:subfield code="b">eng</mx:subfield><mx:subfield code="c">RPB</mx:subfield></mx:datafield><mx:datafield ind1="0" ind2=" " tag="100"><mx:subfield code="a">Antiphanes</mx:subfield></mx:datafield><mx:datafield ind1="0" ind2=" " tag="400"><mx:subfield code="a">Antiphane</mx:subfield></mx:datafield><mx:datafield ind1=" " ind2=" " tag="670"><mx:subfield code="a">Antiphane et les thèmes de la comédie moyenne, 1999:</mx:subfield><mx:subfield code="b">t.p. (Antiphane)</mx:subfield></mx:datafield><mx:datafield ind1=" " ind2=" " tag="670"><mx:subfield code="a">The Oxford classical dictionary, 1996:</mx:subfield><mx:subfield code="b">(Antiphanes; poet of Middle Comedy)</mx:subfield></mx:datafield><mx:datafield ind1=" " ind2=" " tag="670"><mx:subfield code="a">Der neue Pauly, 1996- :</mx:subfield><mx:subfield code="b">(Antiphanes; b. between 408 and 404 B.C.; d. possibly between 334 and 330)</mx:subfield></mx:datafield><mx:datafield ind1=" " ind2=" " tag="999"><mx:subfield code="a">48</mx:subfield></mx:datafield></mx:record>